Symbol,Fiscal_Year_End,Recent_Qtr,Profit_Margin,Operation_Margin,Return_On_Assets,Return_On_Equity,Revenue,Revenue_Per_Share,Gross_Profit,EBITDA,Total_Cash,High_52,Low_52
MMM,"Dec 30, 2019","Mar 30, 2020",15.37%,21.95%,10.40%,49.92%,32.35B,56.08,15.4B,8.76B,4.48B,187.72,114.04
ABT,"Dec 30, 2019","Mar 30, 2020",11.15%,15.38%,4.59%,11.56%,32.1B,18.14,18.71B,8.03B,3.67B,100.00,61.61
ABBV,"Dec 30, 2019","Mar 30, 2020",24.77%,41.12%,N/A,N/A,34.06B,22.99,25.83B,16.02B,39.92B,97.86,62.55
ACN,"Aug 30, 2019","Feb 28, 2020",11.13%,14.66%,13.44%,34.01%,44.66B,70.10,13.31B,7.2B,5.44B,216.39,137.15
ATVI,"Dec 30, 2019","Dec 30, 2019",23.16%,26.88%,5.78%,12.42%,6.49B,8.46,4.4B,2.07B,5.86B,68.32,41.84
AYI,"Aug 30, 2019","Feb 28, 2020",8.43%,11.95%,8.29%,15.53%,3.54B,89.51,1.48B,518.4M,380.6M,146.30,67.46
ADBE,"Nov 28, 2019","Feb 27, 2020",27.72%,30.10%,10.77%,31.79%,11.66B,24.05,9.5B,4.08B,4.17B,386.75,255.13
AAP,"Dec 27, 2019","Dec 27, 2019",5.01%,7.80%,4.66%,13.72%,9.71B,137.00,4.26B,995.15M,418.66M,171.43,71.33
AES,"Dec 30, 2019","Dec 30, 2019",2.97%,20.96%,4.03%,8.71%,10.19B,15.35,2.35B,3.18B,1.43B,21.23,8.11
AMG,"Dec 30, 2019","Mar 30, 2020",9.12%,31.58%,5.73%,11.11%,2.2B,44.54,1.3B,804.57M,646.8M,106.49,44.37
AFL,"Dec 30, 2019","Mar 30, 2020",13.49%,19.02%,1.74%,11.22%,21.81B,29.65,7.76B,4.19B,5.06B,57.18,23.07
A,"Oct 30, 2019","Jan 30, 2020",14.59%,19.29%,6.84%,15.46%,5.24B,16.78,2.81B,1.27B,1.23B,90.64,61.13
APD,"Sep 29, 2019","Mar 30, 2020",21.66%,25.29%,7.32%,17.33%,8.98B,40.66,2.94B,3.42B,2.25B,257.01,167.43
AKAM,"Dec 30, 2019","Mar 30, 2020",16.74%,20.02%,6.09%,14.21%,2.95B,18.17,1.91B,871.97M,1.25B,108.25,73.19
ALK,"Dec 30, 2019","Dec 30, 2019",8.76%,12.20%,5.60%,19.03%,8.78B,71.23,2.49B,1.49B,1.52B,72.22,20.02
ALB,"Dec 30, 2019","Dec 30, 2019",14.85%,21.22%,5.46%,15.39%,3.59B,33.88,1.26B,975.21M,613.11M,99.40,48.89
ALXN,"Dec 30, 2019","Dec 30, 2019",48.17%,42.87%,8.50%,23.53%,4.99B,22.36,4.6B,2.5B,2.75B,137.52,72.67
ALLE,"Dec 30, 2019","Mar 30, 2020",11.20%,20.42%,13.19%,51.52%,2.87B,30.85,1.25B,654.3M,245.3M,139.24,77.37
AGN,"Dec 30, 2019","Dec 30, 2019",-32.76%,8.83%,0.90%,-8.54%,16.09B,48.90,13.65B,7.48B,5.91B,202.22,114.27
ADS,"Dec 30, 2019","Mar 30, 2020",2.82%,15.30%,2.01%,25.51%,5.63B,115.70,1.26B,918M,4.46B,159.41,20.51
LNT,"Dec 30, 2019","Dec 30, 2019",15.28%,20.44%,2.90%,10.94%,3.65B,15.29,1.46B,1.31B,16.3M,60.28,37.66
ALL,"Dec 30, 2019","Dec 30, 2019",10.85%,14.68%,3.53%,20.49%,44.67B,136.12,12.49B,7.2B,4.59B,125.92,64.13
GOOGL,"Dec 30, 2019","Mar 30, 2020",20.71%,21.69%,8.71%,17.83%,166.68B,241.39,89.96B,48.3B,117.23B,"1,530.74","1,008.87"
GOOG,"Dec 30, 2019","Mar 30, 2020",20.71%,21.69%,8.71%,17.83%,166.68B,241.39,89.96B,48.3B,117.23B,"1,532.11","1,013.54"
MO,"Dec 30, 2019","Mar 30, 2020",-4.21%,55.17%,12.61%,-8.36%,20.45B,10.97,12.71B,11.52B,5.62B,54.00,30.95
AMZN,"Dec 30, 2019","Mar 30, 2020",3.56%,4.72%,4.37%,18.58%,296.27B,597.63,114.99B,36.27B,49.29B,"2,475.00","1,626.03"
AEE,"Dec 30, 2019","Dec 30, 2019",14.67%,24.03%,3.02%,10.44%,5.65B,22.99,2.74B,2.36B,16M,87.66,58.74
AAL,"Dec 30, 2019","Mar 30, 2020",-1.69%,4.84%,2.21%,N/A,43.7B,100.04,12.56B,4.51B,3.58B,34.99,9.09
AEP,"Dec 30, 2019","Dec 30, 2019",12.35%,18.43%,2.48%,9.82%,15.56B,31.52,6.5B,5.16B,449.5M,104.97,65.14
AXP,"Dec 30, 2019","Mar 30, 2020",14.63%,18.55%,2.91%,25.80%,38.12B,46.51,27.32B,N/A,37.41B,138.13,67.00
AIG,"Dec 30, 2019","Dec 30, 2019",6.73%,14.19%,0.87%,6.61%,49.78B,56.78,15.38B,12.07B,15.9B,58.66,16.07
AMT,"Dec 30, 2019","Mar 30, 2020",24.55%,38.51%,4.69%,34.75%,7.76B,17.53,5.36B,4.8B,1.33B,260.43,174.32
AWK,"Dec 30, 2019","Dec 30, 2019",17.20%,33.79%,3.47%,10.36%,3.61B,19.94,2.07B,1.8B,68M,141.70,92.00
AMP,"Dec 30, 2019","Dec 30, 2019",14.69%,23.57%,1.31%,33.45%,12.89B,96.12,6.33B,3.22B,5.28B,180.85,80.01
ABC,"Sep 29, 2019","Dec 30, 2019",0.36%,1.03%,2.94%,20.82%,182.06B,872.55,4.99B,2.33B,3.23B,97.50,72.06
AME,"Dec 30, 2019","Dec 30, 2019",16.70%,22.18%,7.73%,18.41%,5.16B,22.65,1.79B,1.38B,393.03M,102.31,54.82
AMGN,N/A,N/A,N/A,N/A,N/A,N/A,N/A,N/A,N/A,N/A,N/A,244.99,166.30
APH,"Dec 30, 2019","Mar 30, 2020",13.90%,19.24%,8.77%,26.40%,8.13B,27.34,2.62B,1.86B,2.38B,110.24,63.05
ADI,"Nov 01, 2019","Jan 31, 2020",21.06%,28.04%,4.67%,10.41%,5.75B,15.59,4.01B,2.43B,654.41M,127.30,79.08
ANTM,"Dec 30, 2019","Mar 30, 2020",4.38%,6.31%,5.48%,15.49%,109.17B,429.24,22.43B,7.43B,25.8B,312.48,171.03
AON,"Dec 30, 2019","Mar 30, 2020",14.84%,24.63%,5.75%,41.62%,11.09B,46.92,5.17B,3.28B,765M,238.19,143.93
APA,"Dec 30, 2019","Dec 30, 2019",-57.19%,-20.01%,-3.91%,-52.85%,6.21B,16.48,4.63B,3.8B,247M,33.77,3.80
AIV,"Dec 30, 2019","Dec 30, 2019",51.81%,17.22%,1.51%,26.55%,915.1M,6.20,603.88M,537.75M,142.9M,55.68,24.53
AAPL,"Sep 27, 2019","Mar 27, 2020",21.35%,24.48%,12.38%,62.09%,267.98B,60.10,98.39B,77.31B,94.05B,327.85,170.27
AMAT,"Oct 26, 2019","Jan 25, 2020",18.83%,23.20%,11.26%,33.52%,15.02B,16.20,6.39B,3.85B,3.96B,69.44,36.64
ADM,"Dec 30, 2019","Mar 30, 2020",2.39%,2.51%,2.21%,8.08%,64.32B,114.35,4.15B,2.61B,4.73B,47.20,28.92
ARNC,"Dec 30, 2019","Dec 30, 2019",3.09%,4.91%,4.68%,8.33%,7.28B,66.75,1.01B,609M,72M,34.27,5.80
AJG,"Dec 30, 2019","Mar 30, 2020",9.98%,11.53%,2.49%,14.35%,6.83B,36.49,2.28B,1.27B,352.8M,109.46,65.09
AIZ,"Dec 30, 2019","Dec 30, 2019",3.86%,7.46%,1.08%,7.15%,9.92B,160.21,934.3M,866.1M,2.3B,142.61,76.27
T,"Dec 30, 2019","Mar 30, 2020",8.05%,15.63%,3.20%,7.99%,179.14B,24.58,97.05B,52.91B,9.96B,39.70,26.08
ADSK,"Jan 30, 2020","Jan 30, 2020",6.55%,11.45%,4.30%,N/A,3.27B,14.90,2.98B,467.7M,1.84B,211.58,125.38
ADP,"Jun 29, 2019","Mar 30, 2020",17.15%,21.85%,4.40%,47.13%,14.76B,34.17,6.39B,3.69B,1.71B,182.32,103.11
AN,"Dec 30, 2019","Dec 30, 2019",2.11%,3.67%,4.61%,15.34%,21.34B,236.80,3.52B,963M,42M,53.19,20.59
AZO,"Aug 30, 2019","Feb 14, 2020",13.42%,18.51%,12.36%,N/A,12.08B,500.58,6.37B,2.62B,200.92M,"1,274.41",684.91
AVB,"Dec 30, 2019","Dec 30, 2019",33.77%,35.68%,2.77%,7.27%,2.33B,16.74,1.56B,1.49B,39.69M,229.40,118.17
AVY,"Dec 27, 2019","Mar 27, 2020",8.29%,18.13%,13.76%,54.01%,7.05B,84.21,1.9B,1.44B,771.9M,141.09,76.96
BLL,"Dec 30, 2019","Dec 30, 2019",4.93%,10.25%,4.33%,16.29%,11.47B,34.65,2.27B,1.85B,1.8B,82.82,51.26
BAC,"Dec 30, 2019","Mar 30, 2020",29.57%,35.78%,0.97%,9.07%,81.6B,8.90,85.58B,N/A,725.1B,35.72,17.95
BAX,"Dec 30, 2019","Mar 30, 2020",8.60%,17.67%,7.19%,13.01%,11.53B,22.70,4.92B,2.83B,4.11B,95.19,69.10
BDX,"Sep 29, 2019","Dec 30, 2019",5.26%,16.53%,3.42%,4.28%,17.35B,64.17,8.29B,5.09B,568M,286.72,197.75
BBBY,"Feb 28, 2020","Feb 28, 2020",-5.50%,-0.49%,-0.48%,-28.38%,11.16B,89.73,3.54B,287.27M,1.39B,17.79,3.43
BRK.B,N/A,N/A,N/A,N/A,N/A,N/A,N/A,N/A,N/A,N/A,N/A,N/A,N/A
BBY,"Jan 31, 2020","Jan 31, 2020",3.53%,4.70%,9.01%,45.42%,43.64B,164.73,10.05B,2.86B,2.35B,91.99,48.11
BIIB,"Dec 30, 2019","Mar 30, 2020",40.76%,52.25%,17.92%,44.56%,14.42B,79.62,12.42B,8B,3.86B,374.99,215.78
BLK,"Dec 30, 2019","Mar 30, 2020",28.38%,34.05%,N/A,N/A,14.9B,95.99,7.41B,5.49B,7.98B,576.81,323.98
HRB,"Apr 29, 2019","Jan 30, 2020",12.96%,17.73%,11.64%,N/A,3.16B,15.87,1.34B,726.85M,192.34M,29.62,11.29
BA,"Dec 30, 2019","Mar 30, 2020",-4.84%,-6.79%,-2.27%,N/A,70.55B,124.75,4.76B,-2.48B,15.53B,391.00,89.00
BWA,"Dec 30, 2019","Dec 30, 2019",7.34%,11.86%,7.62%,17.35%,10.17B,49.43,2.1B,1.64B,832M,46.60,17.00
BXP,"Dec 30, 2019","Mar 30, 2020",31.18%,35.66%,3.11%,13.24%,2.95B,19.09,1.84B,1.72B,660.73M,147.83,77.21
BSX,"Dec 30, 2019","Mar 30, 2020",39.75%,15.49%,N/A,N/A,10.79B,7.74,7.63B,2.71B,217M,46.62,24.10
BMY,"Dec 30, 2019","Dec 30, 2019",13.15%,27.02%,5.35%,10.51%,26.14B,15.33,18.93B,8.74B,15.39B,68.34,42.48
AVGO,"Nov 02, 2019","Feb 01, 2020",11.64%,17.78%,3.29%,11.07%,22.67B,57.06,15.87B,10.11B,6.44B,331.58,155.67
CHRW,"Dec 30, 2019","Mar 30, 2020",3.21%,4.39%,8.84%,30.45%,15.36B,112.67,1.29B,758.12M,294.57M,91.23,56.94
COG,"Dec 30, 2019","Mar 30, 2020",27.42%,35.67%,8.53%,21.04%,1.72B,4.21,1.33B,1.03B,202.84M,27.42,13.06
CPB,"Jul 27, 2019","Jan 25, 2020",17.95%,14.40%,5.66%,24.25%,8.08B,26.84,2.71B,1.45B,58M,57.54,35.27
COF,"Dec 30, 2019","Mar 30, 2020",14.87%,19.59%,0.72%,5.05%,18.79B,40.44,22.36B,N/A,27.99B,107.59,38.00
CAH,"Jun 29, 2019","Dec 30, 2019",-2.81%,1.18%,2.70%,-119.52%,149.66B,505.60,6.83B,2.73B,1.66B,60.69,39.05
KMX,"Feb 28, 2020","Feb 28, 2020",4.15%,5.78%,3.89%,24.93%,21.42B,129.97,3.18B,1.45B,58.21M,103.18,37.59
CCL,"Nov 29, 2019","Feb 28, 2020",8.94%,14.97%,4.31%,7.72%,20.94B,30.45,7.92B,5.35B,1.35B,54.87,7.80
CAT,"Dec 30, 2019","Mar 30, 2020",10.41%,14.17%,5.84%,35.69%,50.97B,91.80,14.46B,9.69B,6.25B,150.55,87.50
CBS,N/A,N/A,N/A,N/A,N/A,N/A,N/A,N/A,5.4B,N/A,N/A,53.7100,0.0000
CNC,"Dec 30, 2019","Mar 30, 2020",1.08%,3.06%,2.99%,4.73%,78.1B,174.97,11.93B,3.17B,10.69B,74.70,41.62
CNP,"Dec 30, 2019","Dec 30, 2019",6.43%,11.36%,2.80%,9.64%,12.3B,24.50,3.32B,2.73B,1.06B,31.17,11.58
CTL,"Dec 30, 2019","Dec 30, 2019",-23.52%,17.61%,3.65%,-31.65%,22.4B,20.91,12.32B,8.77B,1.69B,15.30,8.16
CERN,"Dec 27, 2019","Mar 30, 2020",8.93%,12.37%,6.44%,11.35%,5.71B,18.17,4.62B,1.17B,398.78M,80.90,53.08
CF,"Dec 30, 2019","Dec 30, 2019",10.74%,20.39%,4.71%,11.36%,4.59B,20.84,1.17B,1.81B,287M,55.15,19.73
SCHW,"Dec 30, 2019","Mar 30, 2020",33.30%,44.21%,1.08%,14.75%,10.62B,8.17,10.47B,N/A,102.8B,51.65,28.00
CHTR,"Dec 30, 2019","Mar 30, 2020",3.91%,14.98%,2.95%,5.33%,46.3B,215.02,28.68B,16.81B,2.91B,546.54,345.67
CHK,N/A,N/A,N/A,N/A,N/A,N/A,N/A,N/A,2.8B,N/A,N/A,588.00,12.30
CVX,"Dec 30, 2019","Mar 30, 2020",2.86%,7.25%,N/A,N/A,135.38B,72.18,59.75B,28.56B,5.75B,127.00,51.60
CMG,"Dec 30, 2019","Mar 30, 2020",5.95%,7.88%,5.70%,21.45%,5.69B,204.90,1.9B,665.43M,881.29M,940.28,415.00
CB,"Dec 30, 2019","Mar 30, 2020",10.79%,13.04%,1.61%,7.01%,33.97B,74.78,8.72B,4.73B,5.1B,167.74,87.35
CHD,"Dec 30, 2019","Mar 30, 2020",14.96%,19.67%,8.19%,25.20%,4.48B,18.20,1.98B,1.05B,1.05B,80.99,47.98
CI,"Dec 30, 2019","Mar 30, 2020",3.19%,5.71%,3.56%,11.27%,154.17B,412.68,25.26B,11.36B,5.42B,224.64,118.50
XEC,"Dec 30, 2019","Dec 30, 2019",-5.27%,22.21%,4.97%,-3.57%,2.36B,23.92,1.81B,1.41B,94.72M,71.58,12.15
CINF,"Dec 30, 2019","Mar 30, 2020",1.34%,1.45%,0.22%,0.91%,5.67B,34.76,2.63B,157M,486M,118.19,60.00
CTAS,"May 30, 2019","Feb 28, 2020",13.19%,17.50%,10.36%,29.46%,7.26B,69.57,3.13B,1.64B,234.44M,304.81,154.33
CSCO,"Jul 26, 2019","Jan 24, 2020",21.44%,28.06%,9.37%,28.97%,51.55B,12.04,32.67B,16.2B,27.06B,58.26,32.40
C,"Dec 30, 2019","Mar 30, 2020",27.02%,32.96%,0.83%,8.85%,63.72B,29.11,66.07B,N/A,913.46B,83.11,32.00
CFG,"Dec 30, 2019","Mar 30, 2020",24.52%,30.59%,0.82%,6.37%,5.65B,12.80,6.1B,N/A,6.31B,41.29,14.12
CTXS,"Dec 30, 2019","Mar 30, 2020",23.88%,20.62%,8.55%,448.10%,3.15B,24.73,2.6B,775.2M,550.52M,152.49,90.28
CME,"Dec 30, 2019","Mar 30, 2020",45.88%,57.40%,1.78%,9.04%,5.2B,14.55,4.86B,3.46B,929.2M,225.36,131.80
CMS,"Dec 30, 2019","Mar 30, 2020",10.68%,20.26%,3.22%,14.07%,6.65B,23.49,2.56B,2.21B,834M,69.17,46.03
KO,"Dec 30, 2019","Mar 26, 2020",26.95%,28.69%,7.31%,50.85%,37.17B,8.68,22.65B,12.12B,17.68B,60.13,36.27
CTSH,"Dec 30, 2019","Dec 30, 2019",10.98%,16.61%,10.87%,16.41%,16.78B,30.02,6.15B,3.29B,3.42B,71.48,40.01
CL,"Dec 30, 2019","Mar 30, 2020",15.86%,23.05%,16.39%,"4,083.97%",15.91B,18.54,9.34B,4.06B,897M,77.41,58.49
CMCSA,"Dec 30, 2019","Mar 30, 2020",10.72%,19.13%,5.01%,14.78%,108.69B,23.86,74.5B,33.69B,8.52B,47.74,31.71
CMA,"Dec 30, 2019","Mar 30, 2020",28.80%,38.59%,1.08%,10.72%,2.76B,18.92,3.27B,N/A,5.47B,78.31,24.28
CAG,"May 25, 2019","Feb 22, 2020",7.37%,16.27%,4.70%,10.00%,10.38B,21.36,2.72B,2.05B,99M,35.59,22.83
CXO,"Dec 30, 2019","Mar 30, 2020",-224.22%,-210.28%,-27.37%,-70.25%,4.14B,20.92,3.48B,4.81B,165M,116.92,33.13
COP,"Dec 30, 2019","Mar 30, 2020",11.90%,19.32%,5.38%,11.50%,30.4B,27.55,16.18B,12.06B,8.19B,67.13,20.84
ED,"Dec 30, 2019","Dec 30, 2019",10.68%,20.64%,2.90%,8.22%,12.57B,38.28,6.77B,4.28B,981M,95.10,62.03
STZ,"Feb 28, 2020","Feb 28, 2020",-0.14%,32.56%,6.00%,0.17%,8.34B,43.54,4.29B,3.04B,81.4M,212.00,104.28
GLW,"Dec 30, 2019","Mar 30, 2020",3.29%,8.83%,2.22%,2.81%,11.08B,14.39,4.04B,2.53B,2.02B,34.26,17.44
COST,"Aug 31, 2019","Feb 15, 2020",2.39%,3.10%,6.70%,24.56%,158.35B,359.19,19.82B,6.48B,8.71B,325.26,233.05
COTY,"Jun 29, 2019","Dec 30, 2019",-33.12%,7.54%,2.05%,-43.59%,8.39B,11.14,5.35B,1.36B,288.8M,14.14,3.02
CCI,"Dec 30, 2019","Mar 30, 2020",14.75%,27.48%,2.60%,7.79%,5.78B,13.88,3.78B,3.1B,310M,168.75,114.18
CSX,"Dec 30, 2019","Mar 30, 2020",27.74%,41.57%,7.95%,26.85%,11.78B,15.00,6.29B,6.26B,2.48B,80.62,46.81
CMI,"Dec 30, 2019","Mar 28, 2020",9.34%,10.59%,7.49%,25.40%,22.58B,147.16,5.98B,3.07B,2.03B,186.73,101.03
CVS,"Dec 30, 2019","Dec 30, 2019",2.59%,4.62%,3.53%,10.81%,255.77B,196.59,44.52B,16.19B,8.06B,77.03,51.72
DHI,"Sep 29, 2019","Mar 30, 2020",10.26%,12.87%,9.24%,18.69%,18.47B,50.04,3.65B,2.45B,1.48B,62.54,25.51
DHR,"Dec 30, 2019","Dec 30, 2019",16.80%,18.32%,3.73%,8.31%,17.91B,25.05,9.98B,4.47B,19.91B,170.64,119.60
DRI,"May 25, 2019","Feb 22, 2020",7.25%,8.41%,5.88%,27.45%,8.77B,71.68,1.85B,1.06B,321.7M,128.41,26.15
DVA,"Dec 30, 2019","Dec 30, 2019",7.12%,15.41%,6.02%,21.47%,11.39B,74.35,3.47B,2.37B,1.11B,90.15,43.40
DE,"Nov 02, 2019","Feb 01, 2020",8.42%,10.85%,3.72%,28.12%,38.88B,123.33,9.18B,6.12B,3.31B,181.99,106.14
DLPH,"Dec 30, 2019","Dec 30, 2019",0.39%,5.78%,4.12%,7.39%,4.36B,49.96,656M,456M,191M,22.08,5.39
DAL,"Dec 30, 2019","Mar 30, 2020",7.76%,11.75%,5.07%,25.74%,45.13B,70.07,12.92B,7.63B,5.97B,63.44,19.10
XRAY,"Dec 30, 2019","Dec 30, 2019",6.53%,13.06%,3.80%,5.14%,4.03B,18.06,2.19B,849.1M,445.3M,60.87,31.58
DVN,"Dec 30, 2019","Dec 30, 2019",-5.95%,2.96%,0.67%,-1.05%,5.97B,14.89,2.23B,1.71B,1.46B,31.89,4.70
DLR,"Dec 30, 2019","Dec 30, 2019",18.02%,19.75%,1.70%,5.57%,3.22B,15.44,2.02B,1.74B,92.21M,158.36,105.00
DFS,"Dec 30, 2019","Mar 30, 2020",29.50%,39.74%,1.94%,20.74%,7.35B,23.35,7.82B,N/A,10.03B,92.98,23.25
DISCA,"Dec 30, 2019","Dec 30, 2019",18.57%,29.46%,6.19%,19.69%,11.14B,17.27,7.39B,4.63B,1.56B,33.66,17.12
DISCK,"Dec 30, 2019","Dec 30, 2019",18.57%,29.46%,6.19%,19.69%,11.14B,17.27,7.39B,4.63B,1.56B,31.20,15.43
DG,"Jan 30, 2020","Jan 30, 2020",6.17%,8.42%,8.11%,26.11%,27.75B,108.18,8.49B,2.84B,240.32M,183.95,116.15
DLTR,"Jan 31, 2020","Jan 31, 2020",3.50%,6.71%,5.99%,13.90%,23.61B,99.54,8.95B,2.23B,539.2M,119.71,60.20
D,"Dec 30, 2019","Dec 30, 2019",8.19%,26.65%,3.04%,4.91%,16.57B,20.49,7.97B,7.39B,167M,90.89,57.79
DOV,"Dec 30, 2019","Mar 30, 2020",10.59%,15.16%,7.61%,25.73%,7.07B,48.74,2.63B,1.34B,508.91M,120.26,62.95
DOW,"Dec 30, 2019","Mar 30, 2020",-4.01%,8.84%,N/A,-6.86%,41.75B,56.36,6.37B,6.51B,3.67B,56.25,21.95
DTE,"Dec 30, 2019","Mar 30, 2020",9.10%,13.92%,2.66%,9.61%,12.18B,64.94,3.42B,2.7B,552M,135.67,71.21
DD,"Dec 30, 2019","Dec 30, 2019",2.32%,14.48%,1.51%,-0.89%,21.51B,28.83,7.71B,5.18B,1.54B,77.03,23.75
DUK,"Dec 30, 2019","Dec 30, 2019",15.20%,23.14%,2.34%,7.80%,24.66B,33.82,11.56B,10.88B,311M,103.79,62.13
ETFC,"Dec 30, 2019","Mar 30, 2020",29.47%,43.19%,1.25%,12.72%,2.87B,12.41,2.71B,N/A,6.83B,57.30,25.76
EMN,"Dec 30, 2019","Mar 30, 2020",8.85%,14.07%,N/A,N/A,9.13B,66.84,2.23B,1.88B,205M,83.99,34.44
ETN,"Dec 30, 2019","Mar 30, 2020",10.19%,12.63%,5.27%,13.93%,20.87B,50.26,7.05B,3.5B,419M,105.78,56.42
EBAY,"Dec 30, 2019","Mar 30, 2020",43.49%,22.34%,7.28%,48.13%,10.76B,13.25,8.29B,3.07B,4.43B,42.00,26.02
ECL,"Dec 30, 2019","Mar 30, 2020",10.32%,15.99%,6.92%,18.29%,14.98B,51.98,6.22B,3.37B,1.66B,211.24,124.60
EIX,"Dec 30, 2019","Mar 30, 2020",9.66%,20.21%,2.49%,8.41%,12.31B,35.26,6.74B,4.1B,1.34B,78.93,43.63
EW,"Dec 30, 2019","Mar 30, 2020",24.71%,28.98%,14.07%,30.15%,4.48B,21.52,3.23B,1.39B,1.03B,247.64,154.52
EA,"Mar 30, 2019","Dec 30, 2019",52.52%,23.31%,7.84%,44.99%,5.39B,18.23,3.63B,1.4B,5.6B,118.69,85.69
EMR,"Sep 29, 2019","Mar 30, 2020",12.04%,16.82%,8.83%,27.13%,17.97B,29.41,7.82B,3.74B,2.58B,78.38,37.75
ENDP,"Dec 30, 2019","Dec 30, 2019",-14.50%,20.16%,3.76%,N/A,2.91B,12.89,1.35B,668.72M,1.45B,8.5500,1.9700
ETR,"Dec 30, 2019","Dec 30, 2019",11.41%,16.28%,2.21%,12.70%,10.88B,55.73,4.27B,3.55B,425.72M,135.55,75.19
EOG,"Dec 30, 2019","Dec 30, 2019",16.02%,21.47%,6.45%,13.34%,17.08B,29.56,9.12B,7.84B,2.03B,96.25,27.00
EQT,"Dec 30, 2019","Dec 30, 2019",-32.88%,17.40%,2.04%,-11.77%,3.72B,14.56,1.89B,2.24B,4.6M,21.67,4.21
EFX,"Dec 30, 2019","Mar 30, 2020",7.45%,14.71%,4.45%,10.95%,3.62B,29.90,1.99B,885M,369.9M,164.77,103.01
EQIX,"Dec 30, 2019","Dec 30, 2019",9.26%,19.82%,3.07%,6.32%,5.48B,65.17,2.67B,2.38B,1.87B,715.75,471.65
EQR,"Dec 30, 2019","Dec 30, 2019",35.92%,33.65%,2.73%,9.27%,2.7B,7.29,1.79B,1.74B,45.75M,89.55,49.62
ESS,"Dec 30, 2019","Dec 30, 2019",27.81%,38.66%,3.04%,7.22%,1.58B,23.99,1.15B,1.09B,71.09M,334.17,175.81
EL,"Jun 29, 2019","Mar 30, 2020",8.43%,16.78%,10.36%,29.26%,15.45B,42.81,11.5B,3.19B,4.89B,220.42,137.01
ES,"Dec 30, 2019","Dec 30, 2019",10.66%,21.83%,2.93%,7.50%,8.53B,26.53,4.12B,2.75B,15.43M,99.42,60.69
EXC,"Dec 30, 2019","Dec 30, 2019",8.52%,13.16%,2.32%,8.96%,34.44B,35.39,10.27B,9.55B,587M,51.18,29.28
EXPE,"Dec 30, 2019","Dec 30, 2019",4.68%,7.96%,3.05%,10.19%,12.07B,81.98,9.9B,1.32B,3.84B,144.00,40.76
EXPD,"Dec 30, 2019","Dec 30, 2019",7.22%,9.38%,13.68%,28.29%,8.18B,47.84,1.05B,817.64M,1.23B,81.64,52.55
EXR,"Dec 30, 2019","Dec 30, 2019",31.82%,48.88%,4.92%,15.81%,1.32B,10.29,979.41M,864.88M,71.96M,124.46,72.70
XOM,"Dec 30, 2019","Mar 30, 2020",4.59%,3.17%,N/A,N/A,248.12B,58.11,77.15B,26.92B,3.09B,77.93,30.11
FFIV,"Sep 29, 2019","Mar 30, 2020",14.77%,20.15%,7.82%,19.66%,2.31B,38.16,1.89B,548.08M,821.15M,153.99,79.78
FB,"Dec 30, 2019","Mar 30, 2020",28.57%,36.21%,13.40%,21.85%,73.36B,25.71,57.93B,32.54B,60.29B,224.20,137.10
FAST,"Dec 30, 2019","Mar 30, 2020",14.83%,19.77%,17.56%,31.64%,5.39B,9.40,2.52B,1.22B,160.7M,39.31,26.72
FRT,"Dec 30, 2019","Dec 30, 2019",37.90%,37.75%,3.37%,13.40%,933.78M,12.49,642.45M,586.18M,127.53M,141.35,64.68
FDX,"May 30, 2019","Feb 28, 2020",-0.50%,0.67%,0.47%,-1.80%,69.67B,266.66,14.93B,4.02B,1.77B,186.23,88.69
FIS,"Dec 30, 2019","Dec 30, 2019",2.88%,17.03%,2.05%,1.01%,10.33B,23.22,3.72B,3.4B,1.15B,158.21,91.68
FITB,"Dec 30, 2019","Mar 30, 2020",25.30%,34.61%,1.01%,8.55%,7.05B,9.74,7.89B,N/A,3.72B,31.64,11.10
FSLR,"Dec 30, 2019","Dec 30, 2019",-3.75%,6.57%,1.72%,-2.23%,3.06B,29.09,549.21M,406.69M,2.16B,69.24,28.47
FE,"Dec 30, 2019","Mar 30, 2020",6.24%,12.33%,1.99%,8.34%,10.67B,19.84,7.69B,2.52B,152M,52.52,32.00
FISV,"Dec 30, 2019","Dec 30, 2019",8.77%,18.49%,2.65%,4.92%,10.19B,19.89,4.93B,3.54B,893M,125.05,73.50
FLIR,"Dec 30, 2019","Dec 30, 2019",9.09%,16.64%,6.63%,9.16%,1.89B,13.98,935.4M,417.19M,285M,59.44,23.85
FLS,"Dec 30, 2019","Dec 30, 2019",6.43%,10.89%,5.63%,15.06%,3.94B,30.11,1.31B,499.54M,670.98M,53.98,18.98
FLR,"Dec 30, 2018","Sep 29, 2019",-7.05%,-1.69%,-2.30%,-51.25%,18.52B,132.23,669.92M,-119.11M,1.85B,34.43,2.85
FMC,"Dec 30, 2019","Dec 30, 2019",10.36%,23.22%,6.74%,18.83%,4.61B,35.25,2.08B,1.22B,339.1M,108.77,56.77
FTI,"Dec 30, 2019","Mar 30, 2020",-41.77%,-15.97%,-5.97%,-78.12%,13.63B,30.46,2.46B,-1.67B,5B,28.57,4.49
FL,"Jan 31, 2020","Jan 31, 2020",6.13%,8.91%,8.56%,19.72%,8.01B,73.64,3.56B,892M,907M,58.01,17.46
F,"Dec 30, 2019","Mar 30, 2020",-2.06%,0.17%,0.06%,-9.33%,149.88B,37.76,12.88B,8.75B,34.29B,10.5600,3.9600
FTV,"Dec 30, 2019","Mar 26, 2020",8.28%,15.69%,4.48%,8.55%,7.44B,22.13,3.7B,1.63B,1.04B,85.19,37.31
FBHS,"Dec 30, 2019","Mar 30, 2020",7.81%,13.23%,7.67%,19.79%,5.84B,41.84,2.07B,925.2M,359.7M,73.28,33.90
BEN,"Sep 29, 2019","Mar 30, 2020",17.29%,27.35%,6.72%,8.71%,5.68B,11.44,2.38B,1.61B,5.84B,35.77,14.91
FCX,"Dec 30, 2019","Mar 30, 2020",-5.68%,-0.31%,-0.07%,-4.69%,13.41B,9.24,2.71B,1.58B,1.6B,13.64,4.82
FTR,N/A,N/A,N/A,N/A,N/A,N/A,N/A,N/A,5.05B,N/A,N/A,2.1900,0.1800
GPS,"Jan 31, 2020","Jan 31, 2020",2.14%,6.32%,5.96%,10.22%,16.38B,43.57,8B,1.59B,1.65B,25.75,5.26
GRMN,"Dec 27, 2019","Mar 27, 2020",25.30%,25.26%,10.72%,21.05%,3.85B,20.23,2.23B,1.08B,1.44B,105.58,61.04
GD,N/A,N/A,N/A,N/A,N/A,N/A,N/A,N/A,7.06B,N/A,N/A,193.76,100.55
GE,"Dec 30, 2019","Mar 30, 2020",-2.53%,6.01%,1.22%,12.59%,93.54B,10.71,18.81B,11.09B,31.01B,13.26,5.90
GIS,"May 25, 2019","Feb 22, 2020",12.68%,18.08%,6.26%,26.73%,16.77B,27.65,5.82B,3.64B,606.9M,61.66,46.59
GM,"Dec 30, 2019","Dec 30, 2019",4.91%,4.70%,1.77%,15.03%,137.24B,96.37,14.14B,12.77B,20.48B,41.90,14.33
GPC,"Dec 30, 2019","Dec 30, 2019",3.20%,5.79%,5.14%,17.33%,19.39B,133.07,6.32B,1.39B,276.99M,108.58,49.68
GILD,"Dec 30, 2019","Mar 30, 2020",21.84%,23.12%,5.36%,22.29%,22.72B,17.94,17.77B,6.65B,24.31B,85.97,60.89
GPN,"Dec 30, 2019","Dec 30, 2019",8.77%,21.32%,2.27%,2.91%,4.91B,24.77,2.89B,1.93B,1.68B,209.62,105.54
GS,"Dec 30, 2019","Mar 30, 2020",21.40%,30.54%,0.74%,8.02%,34.7B,94.78,31.06B,N/A,675.84B,250.46,130.85
GT,"Dec 30, 2019","Mar 30, 2020",-6.12%,3.22%,1.63%,-19.94%,14.2B,60.83,3.15B,1.24B,971M,18.28,4.09
GWW,"Dec 30, 2019","Mar 30, 2020",6.58%,11.85%,13.12%,39.12%,11.69B,215.65,4.4B,1.6B,1.49B,346.60,200.61
HAL,"Dec 30, 2019","Mar 30, 2020",-10.60%,7.06%,3.78%,-27.88%,21.71B,24.77,2.29B,3.09B,1.38B,27.89,4.25
HBI,"Dec 27, 2019","Mar 27, 2020",7.64%,12.42%,6.58%,53.54%,6.7B,18.43,2.78B,961.95M,1.08B,17.95,6.96
HOG,"Dec 30, 2019","Mar 28, 2020",6.93%,10.29%,3.13%,20.94%,5.28B,33.93,1.62B,759.45M,1.47B,40.89,14.31
HIG,"Dec 30, 2019","Mar 30, 2020",8.33%,12.46%,2.45%,11.67%,20.75B,57.56,7.64B,3.06B,2.72B,62.75,19.04
HAS,"Dec 28, 2019","Mar 28, 2020",8.33%,12.58%,5.21%,19.13%,5.09B,39.00,2.41B,843.12M,1.24B,126.87,41.33
HCA,"Dec 30, 2019","Mar 30, 2020",5.90%,13.21%,9.61%,N/A,51.68B,152.15,19.3B,9.48B,731M,151.97,58.38
HP,"Sep 29, 2019","Mar 30, 2020",-19.47%,5.82%,1.66%,-12.92%,2.59B,23.75,989.9M,674.56M,381.74M,59.68,12.40
HSIC,"Dec 27, 2019","Dec 27, 2019",6.96%,7.34%,5.85%,18.67%,9.99B,67.56,3.09B,917.91M,106.1M,73.99,41.85
HES,"Dec 30, 2019","Dec 30, 2019",-6.46%,9.13%,1.67%,-2.33%,6.31B,20.95,4.58B,2.72B,1.54B,74.11,26.06
HPE,"Oct 30, 2019","Jan 30, 2020",4.22%,9.05%,3.10%,6.77%,28.53B,21.49,9.5B,5.17B,3.17B,17.59,7.43
HOLX,"Sep 27, 2019","Mar 27, 2020",13.62%,18.70%,5.82%,21.22%,3.32B,12.44,2.08B,1.04B,799.8M,55.25,26.49
HD,"Feb 01, 2020","Feb 01, 2020",10.20%,14.37%,20.79%,N/A,110.22B,100.85,37.57B,18.14B,2.13B,247.36,140.63
HON,"Dec 30, 2019","Mar 30, 2020",17.38%,20.81%,8.14%,34.75%,36.29B,50.68,12.37B,8.62B,8.79B,184.06,101.08
HRL,"Oct 26, 2019","Jan 25, 2020",10.29%,11.75%,8.50%,16.62%,9.52B,17.81,1.88B,1.29B,739.23M,51.53,37.00
HST,"Dec 30, 2019","Dec 30, 2019",16.78%,14.99%,4.21%,12.30%,5.48B,7.51,1.59B,1.48B,1.57B,19.91,7.86
HPQ,"Oct 30, 2019","Jan 30, 2020",5.16%,7.55%,8.63%,N/A,58.66B,39.38,11.17B,5.21B,4.49B,23.93,12.54
HUM,"Dec 30, 2019","Mar 30, 2020",3.86%,5.12%,6.88%,22.54%,67.72B,508.21,11.03B,3.71B,17.16B,392.58,208.25
HBAN,"Dec 30, 2019","Mar 30, 2020",27.35%,34.58%,0.99%,9.49%,4.02B,3.90,4.39B,N/A,3.09B,15.63,6.82
IDXX,"Dec 30, 2019","Mar 30, 2020",17.78%,23.50%,20.23%,546.43%,2.46B,28.60,1.37B,667.29M,81.39M,296.25,168.65
ITW,"Dec 30, 2019","Dec 30, 2019",17.87%,24.28%,14.31%,80.18%,14.11B,43.56,5.92B,3.85B,1.98B,190.85,115.94
ILMN,"Dec 28, 2019","Mar 28, 2020",26.49%,28.49%,8.64%,21.48%,3.56B,24.19,2.5B,1.2B,3.33B,380.76,196.78
IR,"Dec 30, 2019","Dec 30, 2019",6.49%,14.24%,4.79%,8.97%,2.45B,12.05,911.7M,527.2M,505.5M,38.96,17.01
INTC,"Dec 27, 2019","Mar 27, 2020",30.02%,33.61%,11.48%,30.31%,75.73B,17.37,42.14B,36.71B,20.8B,69.29,42.86
ICE,"Dec 30, 2019","Mar 30, 2020",38.23%,53.71%,1.58%,12.41%,5.49B,9.86,5.2B,3.4B,583M,101.93,63.51
IBM,"Dec 30, 2019","Mar 30, 2020",11.78%,12.78%,4.30%,49.10%,76.54B,86.30,36.49B,16.03B,11.86B,158.75,90.56
IP,"Dec 30, 2019","Mar 30, 2020",2.99%,10.26%,4.20%,9.11%,22.08B,56.15,7.11B,3.58B,1.24B,47.64,26.38
IPG,"Dec 30, 2019","Mar 30, 2020",7.78%,12.90%,4.26%,26.15%,8.59B,22.21,1.81B,1.39B,1.55B,25.20,11.63
IFF,"Dec 30, 2019","Dec 30, 2019",8.87%,15.37%,3.77%,7.39%,5.14B,45.91,2.12B,1.11B,606.82M,152.95,92.14
INTU,"Jul 30, 2019","Jan 30, 2020",22.89%,26.81%,19.85%,50.01%,7.13B,27.36,5.64B,2.12B,2.27B,306.89,187.68
ISRG,"Dec 30, 2019","Mar 30, 2020",30.11%,30.54%,9.70%,17.91%,4.6B,39.78,3.11B,1.63B,3.25B,619.00,360.50
IVZ,"Dec 30, 2019","Mar 30, 2020",10.02%,25.11%,2.95%,5.66%,6.5B,14.41,2.03B,1.82B,966.3M,21.75,7.20
IRM,"Dec 30, 2019","Dec 30, 2019",6.27%,18.29%,3.80%,15.48%,4.26B,14.85,2.43B,1.41B,193.56M,34.49,21.00
JBHT,"Dec 30, 2019","Mar 30, 2020",5.36%,8.08%,8.83%,22.36%,9.36B,87.74,1.64B,1.27B,48.45M,122.29,75.29
JEC,N/A,N/A,N/A,N/A,N/A,N/A,N/A,N/A,2.48B,N/A,N/A,98.08,73.08
SJM,"Apr 29, 2019","Jan 30, 2020",8.21%,15.55%,4.41%,7.72%,7.61B,66.79,2.92B,1.63B,74.4M,128.43,91.88
JNJ,"Dec 28, 2019","Mar 28, 2020",20.75%,26.06%,8.83%,28.55%,82.73B,31.36,54.6B,28.55B,18.02B,157.00,109.16
JCI,"Sep 29, 2019","Mar 30, 2020",21.80%,8.05%,2.69%,6.47%,23.74B,29.85,7.69B,2.73B,1.01B,44.82,22.78
JPM,"Dec 30, 2019","Mar 30, 2020",29.42%,36.09%,1.02%,11.56%,102.38B,32.29,110.04B,N/A,1.16T,141.10,76.91
JNPR,"Dec 30, 2019","Mar 30, 2020",7.53%,10.91%,3.41%,7.23%,4.44B,13.11,2.62B,708.4M,1.92B,27.57,15.20
KSU,"Dec 30, 2019","Mar 30, 2020",20.11%,38.39%,7.23%,11.90%,2.92B,29.79,1.42B,1.47B,91M,178.59,92.86
K,"Dec 27, 2019","Mar 27, 2020",7.61%,12.86%,5.90%,33.03%,13.47B,39.50,4.43B,2.21B,1.02B,71.05,51.34
KEY,"Dec 30, 2019","Mar 30, 2020",26.14%,33.55%,0.97%,8.68%,5.57B,5.67,5.92B,N/A,1.66B,20.53,7.45
KMB,"Dec 30, 2019","Mar 30, 2020",12.55%,18.27%,13.92%,N/A,18.83B,54.91,6.45B,4.1B,979M,149.23,110.66
KIM,"Dec 30, 2019","Dec 30, 2019",35.43%,38.81%,2.56%,7.97%,1.16B,2.76,821.93M,705.89M,123.95M,21.86,7.45
KMI,"Dec 30, 2019","Mar 30, 2020",10.31%,29.90%,3.22%,3.98%,12.89B,5.69,7.36B,6.27B,360M,22.58,9.42
KLAC,"Jun 29, 2019","Dec 30, 2019",21.55%,27.92%,12.40%,53.05%,5.28B,33.37,2.7B,1.86B,1.68B,184.50,101.34
KSS,"Jan 31, 2020","Jan 31, 2020",3.46%,6.07%,5.61%,12.59%,19.97B,127.22,7.83B,2.13B,723M,69.45,10.89
KHC,"Dec 27, 2019","Mar 27, 2020",7.58%,21.08%,3.20%,3.71%,25.17B,20.61,8.2B,6.3B,5.4B,33.43,19.99
KR,"Jan 31, 2020","Jan 31, 2020",1.36%,2.14%,3.93%,18.43%,122.29B,153.05,27.85B,5.35B,399M,36.84,20.70
LB,"Jan 31, 2020","Jan 31, 2020",-2.83%,9.61%,8.52%,N/A,12.91B,46.79,5.55B,1.83B,1.5B,28.02,8.00
LH,"Dec 30, 2019","Mar 30, 2020",2.77%,12.05%,5.09%,4.55%,11.59B,118.78,3.25B,1.88B,323.6M,196.36,98.02
LRCX,"Jun 29, 2019","Mar 28, 2020",21.81%,26.37%,12.27%,42.67%,9.61B,66.05,4.36B,2.8B,5.39B,344.32,171.04
LEG,"Dec 30, 2019","Dec 30, 2019",7.02%,10.84%,7.86%,27.04%,4.75B,35.26,1.05B,696.1M,247.6M,55.42,22.03
LEN,"Nov 29, 2019","Feb 28, 2020",8.77%,11.33%,5.60%,12.83%,22.9B,72.48,4.52B,2.69B,805.77M,71.38,25.42
LLY,"Dec 30, 2019","Mar 30, 2020",23.97%,28.09%,10.25%,192.05%,23.09B,25.28,17.6B,7.63B,1.8B,164.90,101.36
LNC,"Dec 30, 2019","Dec 30, 2019",5.13%,8.35%,0.28%,5.21%,17.26B,86.03,4.59B,1.51B,7.24B,67.21,16.11
LKQ,"Dec 30, 2019","Mar 30, 2020",4.74%,7.99%,4.95%,11.98%,12.41B,40.29,4.86B,1.3B,332.78M,36.63,13.31
LMT,"Dec 30, 2019","Mar 28, 2020",10.21%,12.82%,10.10%,207.79%,61.13B,216.99,8.37B,8.94B,1.99B,442.53,266.11
L,"Dec 30, 2019","Dec 30, 2019",6.25%,11.97%,1.39%,4.02%,14.91B,49.25,6.64B,2.73B,5.02B,56.88,28.52
LOW,"Jan 30, 2020","Jan 30, 2020",5.93%,9.12%,11.12%,152.46%,72.15B,92.86,23.1B,7.97B,876M,126.73,60.00
LYB,"Dec 30, 2019","Mar 30, 2020",8.12%,10.52%,7.21%,30.71%,33.44B,97.36,5.45B,4.79B,1.82B,98.91,33.71
MTB,"Dec 30, 2019","Mar 30, 2020",30.12%,41.71%,1.40%,10.92%,5.7B,43.01,5.97B,N/A,11.42B,174.93,87.64
MAC,"Dec 30, 2019","Dec 30, 2019",9.92%,26.13%,1.78%,3.41%,976.43M,6.91,608.48M,597.99M,100M,42.80,4.81
M,"Jan 31, 2020","Jan 31, 2020",2.23%,4.71%,3.69%,8.80%,25.33B,81.79,10.16B,1.89B,685M,23.40,4.38
MNK,"Dec 26, 2019","Dec 26, 2019",-31.51%,8.02%,1.49%,-41.72%,3.16B,37.69,1.43B,1.2B,790.9M,17.4000,1.0000
MRO,"Dec 30, 2019","Dec 30, 2019",9.37%,9.80%,1.51%,3.95%,5.13B,6.33,3.81B,3.02B,858M,16.02,3.02
MPC,"Dec 30, 2019","Dec 30, 2019",2.13%,4.89%,3.96%,7.38%,124.11B,188.33,13.87B,9.71B,1.53B,69.65,15.26
MAR,"Dec 30, 2019","Dec 30, 2019",23.69%,38.53%,5.31%,86.95%,5.37B,16.15,4.06B,2.52B,225M,153.39,46.56
MMC,"Dec 30, 2019","Mar 30, 2020",10.33%,20.97%,7.34%,23.49%,17.23B,34.06,7.34B,4.32B,1.48B,119.88,74.33
MLM,"Dec 30, 2019","Dec 30, 2019",13.84%,19.91%,5.59%,11.88%,4.42B,70.76,1.18B,1.25B,21M,281.82,135.08
MAS,"Dec 30, 2019","Mar 30, 2020",19.91%,16.12%,13.07%,N/A,6.78B,24.02,2.37B,1.25B,767M,50.06,27.04
MA,"Dec 30, 2019","Mar 30, 2020",46.75%,56.88%,22.32%,147.74%,17B,16.81,16.88B,10.22B,10.68B,347.25,199.99
MAT,"Dec 30, 2019","Dec 30, 2019",-4.74%,2.64%,1.41%,-36.86%,4.5B,13.01,2B,363.43M,630.03M,14.83,6.53
MKC,"Nov 29, 2019","Feb 28, 2020",13.13%,18.60%,5.98%,20.22%,5.33B,40.12,2.15B,1.14B,170.8M,174.58,112.23
MCD,"Dec 30, 2019","Mar 30, 2020",27.95%,41.37%,N/A,N/A,20.77B,27.58,11.12B,10.22B,898.5M,221.93,124.23
MCK,"Mar 30, 2019","Dec 30, 2019",-0.41%,1.26%,2.92%,-7.43%,224.94B,"1,217.56",11.75B,3.77B,2.06B,172.18,112.60
MDT,"Apr 25, 2019","Jan 23, 2020",17.41%,22.74%,4.86%,10.68%,31.06B,23.17,21.49B,9.52B,11.63B,122.15,72.13
MRK,"Dec 30, 2019","Mar 30, 2020",21.10%,33.26%,N/A,N/A,48.08B,18.85,33.68B,19.4B,10.45B,92.64,65.25
MET,"Dec 30, 2019","Dec 30, 2019",8.47%,11.28%,0.69%,9.90%,69.62B,74.25,20.48B,8.22B,27.15B,53.28,22.85
MTD,"Dec 30, 2019","Dec 30, 2019",18.65%,24.37%,16.95%,111.02%,3.01B,122.46,1.74B,787.47M,207.78M,873.51,579.40
MCHP,"Mar 30, 2019","Dec 30, 2019",12.23%,15.30%,2.83%,11.98%,5.28B,22.16,3.3B,1.95B,402.3M,112.47,53.15
MU,N/A,N/A,N/A,N/A,N/A,N/A,N/A,N/A,10.7B,N/A,N/A,61.19,31.13
MSFT,"Jun 29, 2019","Mar 30, 2020",33.36%,37.46%,11.84%,44.20%,138.7B,18.18,82.93B,64.09B,137.64B,190.70,119.01
MAA,"Dec 30, 2019","Dec 30, 2019",21.56%,26.21%,2.38%,5.79%,1.64B,14.41,973.16M,927.99M,20.58M,148.88,82.00
MHK,"Dec 30, 2019","Dec 30, 2019",7.46%,9.35%,4.40%,9.57%,9.97B,138.51,2.77B,1.51B,134.78M,156.60,56.62
TAP,"Dec 30, 2019","Mar 30, 2020",-0.26%,12.13%,2.70%,-0.14%,10.38B,47.91,4.2B,2.13B,666.1M,61.94,34.01
MDLZ,"Dec 30, 2019","Mar 30, 2020",14.25%,15.71%,4.00%,14.42%,26.04B,18.07,10.34B,5.14B,2B,59.96,41.19
MNST,"Dec 30, 2019","Dec 30, 2019",26.37%,33.67%,18.27%,28.47%,4.2B,7.75,2.52B,1.48B,1.33B,70.52,50.06
MCO,"Dec 30, 2019","Mar 30, 2020",30.88%,44.22%,13.21%,272.92%,4.98B,26.39,3.44B,2.4B,2.23B,287.25,164.19
MS,"Dec 30, 2019","Mar 30, 2020",20.46%,32.71%,N/A,N/A,40.62B,25.53,36.73B,N/A,496.54B,57.57,27.20
MSI,"Dec 30, 2019","Dec 30, 2019",11.01%,21.91%,10.77%,N/A,7.89B,47.34,3.95B,2.12B,1B,187.49,120.77
MUR,"Dec 30, 2019","Dec 30, 2019",40.63%,16.03%,2.49%,3.43%,2.83B,17.25,2.25B,1.68B,306.76M,28.43,4.50
MYL,"Dec 30, 2019","Dec 30, 2019",0.15%,13.33%,2.99%,0.14%,11.5B,22.30,4.55B,3.37B,563.7M,28.46,12.75
NDAQ,"Dec 30, 2019","Mar 30, 2020",15.95%,25.07%,4.89%,13.40%,4.58B,27.76,2.54B,1.34B,1.27B,120.23,71.66
NOV,"Dec 30, 2019","Mar 30, 2020",-95.76%,-5.57%,-1.91%,-83.19%,8.42B,22.00,845M,-8M,1.12B,25.84,8.00
NAVI,"Dec 30, 2019","Mar 30, 2020",24.95%,30.79%,0.37%,13.22%,1.46B,6.64,1.74B,N/A,1.4B,15.67,4.07
NTAP,"Apr 25, 2019","Jan 23, 2020",18.19%,17.20%,7.58%,134.79%,5.6B,23.74,3.94B,1.12B,3.02B,71.19,34.66
NFLX,"Dec 30, 2019","Mar 30, 2020",10.43%,14.50%,6.23%,31.63%,21.4B,48.82,7.72B,3.21B,5.15B,449.52,252.28
NWL,"Dec 30, 2019","Mar 30, 2020",-10.69%,8.42%,3.14%,-24.08%,9.56B,22.57,3.24B,1.25B,476M,20.99,10.44
NEM,"Dec 30, 2019","Dec 30, 2019",28.80%,18.02%,3.62%,17.42%,9.74B,13.25,4.38B,3.8B,2.48B,64.65,29.77
NWSA,"Jun 29, 2019","Dec 30, 2019",-1.88%,4.56%,1.71%,-1.24%,9.74B,16.62,4.45B,883M,1.27B,15.07,7.90
NWS,"Jun 29, 2019","Dec 30, 2019",-1.88%,4.56%,1.71%,-1.24%,9.74B,16.62,4.45B,883M,1.27B,15.36,7.88
NEE,"Dec 30, 2019","Mar 30, 2020",17.78%,30.76%,3.31%,7.82%,19.74B,40.73,11.29B,10.61B,3.34B,283.35,174.80
NLSN,"Dec 30, 2019","Mar 30, 2020",-7.33%,11.35%,3.08%,-17.74%,6.49B,18.24,3.68B,1.11B,359M,24.73,11.62
NKE,"May 30, 2019","Feb 28, 2020",10.46%,12.55%,13.18%,47.96%,41.27B,26.42,17.47B,5.86B,3.18B,105.62,60.00
NI,"Dec 30, 2019","Dec 30, 2019",7.36%,24.74%,3.62%,6.53%,5.21B,13.90,2.34B,1.95B,139.3M,30.67,19.56
NBL,"Dec 30, 2019","Dec 30, 2019",-34.47%,-34.49%,-4.54%,-14.59%,4.39B,9.18,2.82B,1.84B,484M,27.31,2.73
JWN,"Jan 31, 2020","Jan 31, 2020",3.20%,5.26%,5.79%,53.56%,15.52B,100.03,5.59B,1.48B,853M,43.37,12.27
NSC,"Dec 30, 2019","Mar 30, 2020",21.89%,36.50%,6.79%,16.06%,11.08B,42.49,5.19B,5.19B,608M,219.88,112.62
NTRS,"Dec 30, 2019","Mar 30, 2020",24.55%,31.84%,1.06%,14.01%,6.13B,28.91,6.09B,N/A,17.44B,110.48,60.67
NOC,"Dec 30, 2019","Mar 30, 2020",6.57%,8.95%,4.63%,25.31%,34.27B,203.12,7.26B,4.08B,3.28B,385.01,263.31
NRG,"Dec 30, 2019","Dec 30, 2019",45.19%,13.35%,7.08%,"1,779.70%",9.82B,37.49,2.52B,1.82B,345M,41.78,19.54
NUE,"Dec 30, 2019","Apr 03, 2020",3.57%,7.66%,5.89%,8.48%,22.12B,72.72,2.7B,2.48B,1.39B,58.70,27.53
NVDA,"Jan 25, 2020","Jan 25, 2020",25.61%,26.07%,11.62%,25.95%,10.92B,17.93,6.77B,3.23B,10.9B,316.32,132.60
ORLY,"Dec 30, 2019","Mar 30, 2020",13.41%,18.61%,11.23%,569.53%,10.22B,134.21,5.39B,2.18B,287.07M,454.31,251.52
OXY,"Dec 30, 2019","Dec 30, 2019",-3.27%,12.65%,2.10%,-1.82%,20.39B,25.19,12.06B,8.84B,3.04B,60.73,9.00
OMC,"Dec 30, 2019","Mar 30, 2020",8.96%,13.88%,5.28%,44.90%,14.89B,68.26,2.71B,2.3B,2.69B,85.05,46.37
OKE,"Dec 30, 2019","Mar 30, 2020",8.40%,20.53%,5.97%,13.32%,9.52B,23.00,3.38B,2.45B,531.63M,78.48,12.16
ORCL,"May 30, 2019","Feb 28, 2020",27.06%,35.72%,8.61%,55.01%,39.77B,12.10,31.51B,16.37B,25.86B,60.50,39.71
PCAR,"Dec 30, 2019","Mar 30, 2020",8.73%,11.03%,6.26%,22.60%,24.27B,69.99,3.86B,3.16B,4.33B,83.41,49.11
PH,"Jun 29, 2019","Mar 30, 2020",9.31%,13.06%,6.48%,21.50%,14.22B,110.69,3.63B,2.35B,790.15M,215.94,93.00
PDCO,"Apr 26, 2019","Jan 24, 2020",0.85%,2.21%,2.28%,3.20%,5.64B,60.14,1.19B,207.09M,106.17M,25.70,12.93
PAYX,"May 30, 2019","Feb 28, 2020",26.98%,36.06%,9.33%,41.35%,4.11B,11.44,2.59B,1.69B,853.8M,90.54,47.87
PYPL,"Dec 30, 2019","Dec 30, 2019",13.84%,15.70%,3.68%,15.22%,17.77B,15.14,7.99B,3.4B,10.76B,124.45,82.07
PNR,"Dec 30, 2019","Mar 30, 2020",12.66%,15.67%,6.62%,20.30%,2.98B,17.68,1.05B,545.6M,169.3M,47.43,22.01
PBCT,"Dec 30, 2019","Mar 30, 2020",28.56%,43.15%,0.99%,7.47%,1.88B,4.61,1.81B,N/A,507.6M,17.66,9.37
PEP,"Dec 27, 2019","Mar 20, 2020",10.62%,15.63%,8.30%,52.28%,68.16B,48.86,37.18B,12.54B,11.25B,147.20,101.42
PKI,"Dec 28, 2019","Dec 28, 2019",7.89%,13.89%,4.00%,8.44%,2.88B,26.02,1.42B,614.5M,191.88M,102.46,62.91
PRGO,"Dec 30, 2019","Mar 27, 2020",3.77%,9.58%,2.66%,3.28%,5B,36.77,1.77B,872.4M,510.4M,63.86,40.01
PFE,"Dec 30, 2019","Mar 30, 2020",31.17%,29.36%,N/A,N/A,50.66B,9.13,41.74B,20.81B,9.88B,44.56,27.88
PCG,"Dec 30, 2019","Mar 30, 2020",-42.59%,10.90%,1.40%,-78.58%,17.42B,32.95,4.58B,5.19B,1.96B,25.19,3.55
PM,"Dec 30, 2019","Mar 30, 2020",25.35%,38.34%,19.17%,N/A,30.21B,19.42,19.29B,12.55B,3.75B,90.17,56.01
PSX,"Dec 30, 2019","Mar 30, 2020",0.36%,3.46%,4.08%,2.70%,105.07B,234.89,11.76B,4.98B,1.22B,119.92,40.04
PNW,"Dec 30, 2019","Dec 30, 2019",15.51%,20.02%,2.40%,10.23%,3.47B,30.87,1.49B,1.36B,10.28M,105.51,60.05
PXD,"Dec 30, 2019","Dec 30, 2019",7.81%,18.67%,6.11%,6.24%,9.68B,57.94,4.03B,3.53B,818M,159.01,48.62
PBI,"Dec 30, 2019","Dec 30, 2019",6.07%,7.24%,2.54%,20.70%,3.21B,18.18,1.28B,391.11M,1.04B,5.9000,1.6700
PNC,"Dec 30, 2019","Mar 30, 2020",30.29%,36.36%,1.21%,10.35%,16.56B,37.59,17.05B,N/A,7.88B,161.79,79.41
RL,"Mar 29, 2019","Dec 27, 2019",10.40%,11.42%,6.74%,20.55%,6.39B,82.84,3.89B,996.5M,1.91B,129.13,59.82
PPG,"Dec 30, 2019","Mar 30, 2020",7.88%,11.91%,6.26%,24.37%,14.9B,62.90,6.53B,2.3B,1.94B,134.36,69.77
PPL,"Dec 30, 2019","Dec 30, 2019",22.47%,40.69%,4.44%,14.17%,7.77B,10.66,4.36B,4.44B,815M,36.83,18.12
PFG,"Dec 30, 2019","Mar 30, 2020",7.36%,8.78%,0.37%,9.63%,17.03B,61.33,6.2B,1.73B,4.49B,60.81,23.31
PG,"Jun 29, 2019","Mar 30, 2020",7.09%,22.51%,8.24%,10.01%,70.35B,28.20,33.44B,18.85B,15.39B,128.09,94.34
PGR,"Dec 30, 2019","Mar 30, 2020",9.19%,11.94%,5.54%,26.73%,39.02B,66.81,5.53B,4.97B,2.52B,84.96,62.18
PLD,"Dec 30, 2019","Mar 30, 2020",45.51%,34.75%,1.75%,5.91%,3.77B,5.82,2.61B,2.51B,807.98M,99.79,59.82
PRU,"Dec 30, 2019","Dec 30, 2019",6.47%,7.75%,0.37%,7.52%,64.71B,159.86,18.4B,5.47B,25.96B,103.56,38.62
PEG,"Dec 30, 2019","Dec 30, 2019",16.80%,25.19%,3.41%,11.49%,10.08B,19.99,3.61B,3.96B,147M,63.88,34.75
PSA,"Dec 30, 2019","Mar 30, 2020",51.54%,52.13%,8.47%,16.83%,2.95B,16.92,2.12B,2.06B,718.43M,266.76,155.37
PHM,"Dec 30, 2019","Mar 30, 2020",10.02%,13.55%,8.23%,20.14%,10.51B,38.56,2.41B,1.48B,1.83B,47.37,17.12
PVH,"Feb 01, 2020","Feb 01, 2020",4.21%,7.65%,3.71%,7.13%,9.91B,133.54,5.4B,1.08B,503.5M,124.99,28.40
QRVO,"Mar 29, 2019","Dec 27, 2019",11.03%,16.30%,5.18%,7.75%,3.13B,26.42,1.22B,913.32M,1.1B,122.36,58.52
QCOM,"Sep 28, 2019","Mar 28, 2020",16.36%,33.54%,15.73%,117.15%,24.74B,21.07,15.67B,9.69B,9.95B,96.17,58.00
PWR,"Dec 30, 2019","Dec 30, 2019",3.32%,4.81%,4.72%,10.62%,12.11B,83.12,1.6B,862.37M,164.8M,44.09,23.77
DGX,"Dec 30, 2019","Mar 30, 2020",10.36%,15.11%,6.03%,14.58%,7.66B,57.14,2.72B,1.49B,342M,125.00,73.02
RRC,"Dec 30, 2019","Mar 30, 2020",-69.84%,-84.96%,-14.74%,-48.12%,2.25B,9.10,891.8M,1B,528k,9.74,1.61
RTN,N/A,N/A,N/A,N/A,N/A,N/A,N/A,N/A,7.76B,N/A,N/A,233.48,103.00
O,"Dec 30, 2019","Dec 30, 2019",29.26%,49.78%,2.74%,4.88%,1.49B,4.72,1.4B,1.36B,54.01M,84.92,38.00
REGN,"Dec 30, 2019","Dec 30, 2019",26.91%,28.55%,10.57%,21.32%,7.86B,72.01,4.04B,2.46B,3.21B,574.32,271.37
RF,"Dec 30, 2019","Mar 30, 2020",N/A,N/A,N/A,N/A,N/A,N/A,N/A,N/A,N/A,17.54,6.94
RSG,"Dec 30, 2019","Dec 30, 2019",10.42%,17.25%,5.01%,13.38%,10.3B,32.08,4.08B,2.86B,50.7M,100.91,65.37
RHI,"Dec 30, 2019","Mar 30, 2020",7.11%,9.90%,N/A,N/A,6.11B,53.30,2.53B,671.35M,270.48M,63.97,32.38
ROK,"Sep 29, 2019","Mar 30, 2020",10.54%,19.52%,12.77%,62.86%,6.76B,58.08,2.9B,1.47B,642.4M,209.61,115.38
ROP,"Dec 30, 2019","Mar 30, 2020",30.18%,27.65%,5.59%,18.49%,5.43B,52.18,3.43B,1.94B,999.8M,395.00,240.00
ROST,"Jan 31, 2020","Jan 31, 2020",10.35%,13.38%,17.40%,49.84%,16.04B,44.74,5.32B,2.5B,1.35B,124.16,56.30
RCL,"Dec 30, 2019","Dec 30, 2019",17.16%,19.16%,4.52%,15.65%,10.95B,52.29,5.1B,3.34B,243.74M,135.32,19.25
R,"Dec 30, 2019","Mar 30, 2020",-2.01%,4.62%,1.82%,-7.41%,8.91B,170.26,1.59B,2.24B,397.24M,64.28,22.62
SPGI,"Dec 30, 2019","Mar 30, 2020",34.02%,50.30%,21.54%,123.58%,6.91B,28.31,4.9B,3.68B,1.93B,312.94,186.06
CRM,N/A,N/A,N/A,N/A,N/A,N/A,N/A,N/A,12.86B,N/A,N/A,195.72,115.29
SLB,"Dec 30, 2019","Mar 30, 2020",-55.19%,8.80%,3.00%,-68.20%,32.49B,23.45,4.2B,6.34B,3.34B,41.49,11.87
STX,"Jun 27, 2019","Apr 02, 2020",17.57%,12.75%,9.48%,104.62%,10.36B,38.92,2.93B,1.73B,1.61B,64.17,39.02
SEE,"Dec 30, 2019","Dec 30, 2019",5.49%,14.27%,7.90%,N/A,4.79B,31.05,1.56B,849.5M,262.4M,45.86,17.06
SRE,"Dec 30, 2019","Dec 30, 2019",20.29%,23.04%,2.47%,9.73%,10.83B,38.97,4.2B,4.06B,108M,161.87,88.00
SHW,"Dec 30, 2019","Mar 30, 2020",8.98%,13.93%,7.55%,47.94%,18.01B,196.61,8.04B,3.08B,238.5M,599.95,325.43
SIG,"Jan 31, 2020","Jan 31, 2020",1.72%,5.37%,3.84%,5.77%,6.14B,118.71,2.23B,502M,374.5M,31.44,5.60
SPG,"Dec 30, 2019","Dec 30, 2019",37.02%,49.99%,5.73%,67.71%,5.68B,18.43,4.66B,4.17B,669.37M,179.09,42.25
SWKS,"Sep 26, 2019","Dec 26, 2019",25.02%,27.66%,11.61%,19.89%,3.3B,19.20,1.6B,1.28B,1.19B,128.48,66.29
SLG,"Dec 30, 2019","Mar 30, 2020",29.03%,32.60%,1.86%,5.85%,1.21B,15.09,752.55M,663.31M,554.2M,96.39,37.50
SNA,"Dec 27, 2019","Mar 27, 2020",16.33%,23.18%,10.48%,20.42%,4B,72.90,2.09B,1.01B,185.6M,172.61,90.72
SO,"Dec 30, 2019","Mar 30, 2020",16.76%,27.04%,3.05%,11.11%,21.02B,20.01,9.63B,9.11B,2.16B,71.10,41.96
LUV,"Dec 30, 2019","Mar 30, 2020",8.46%,10.85%,5.47%,19.28%,21.51B,40.67,7.02B,3.39B,5.55B,58.83,28.25
SWN,"Dec 30, 2019","Mar 30, 2020",-47.35%,27.58%,7.76%,-53.90%,2.64B,4.89,998M,1.2B,5M,4.2500,1.0600
SE,"Dec 30, 2019","Dec 30, 2019",-67.24%,-40.97%,-15.02%,-312.42%,2.18B,4.98,604.92M,-769.6M,3.22B,56.80,23.40
SWK,"Dec 27, 2019","Mar 27, 2020",6.45%,11.51%,4.62%,10.90%,14.24B,95.57,4.85B,2.2B,987.1M,173.67,70.00
SBUX,"Sep 28, 2019","Mar 28, 2020",12.71%,13.72%,10.13%,N/A,26.66B,22.42,7.49B,5.13B,2.63B,99.72,50.02
STT,"Dec 30, 2019","Mar 30, 2020",20.06%,27.37%,0.80%,9.69%,11.8B,32.44,11.7B,N/A,164.29B,85.89,42.10
SRCL,"Dec 30, 2019","Dec 30, 2019",-10.48%,8.07%,2.59%,-14.03%,3.31B,36.36,1.18B,539.9M,34.7M,67.94,38.45
SYK,"Dec 30, 2019","Mar 30, 2020",14.47%,22.55%,7.61%,17.45%,14.96B,39.95,9.8B,4.16B,4.05B,226.30,124.54
STI,N/A,N/A,N/A,N/A,N/A,N/A,N/A,N/A,9.01B,N/A,N/A,71.75,58.61
SYF,"Dec 30, 2019","Mar 30, 2020",36.53%,51.19%,2.88%,21.93%,8.01B,12.42,9.13B,N/A,13.7B,38.18,12.15
SYY,"Jun 28, 2019","Dec 27, 2019",3.00%,4.46%,8.98%,76.11%,60.46B,117.84,11.41B,3.42B,539.63M,85.98,26.00
TROW,"Dec 30, 2019","Mar 30, 2020",34.10%,44.53%,18.73%,25.50%,5.75B,24.50,3.23B,2.76B,1.56B,139.82,82.51
TGT,"Jan 31, 2020","Jan 31, 2020",4.20%,6.05%,7.03%,28.27%,78.11B,152.89,23.25B,7.33B,2.58B,130.24,70.03
TEL,"Sep 26, 2019","Mar 26, 2020",5.36%,16.39%,6.92%,7.36%,13.05B,38.96,4.39B,2.84B,796M,101.00,48.62
TGNA,"Dec 30, 2019","Dec 30, 2019",12.45%,25.80%,6.06%,19.53%,2.3B,10.59,1.08B,703.87M,29.4M,18.31,9.61
TXN,"Dec 30, 2019","Mar 30, 2020",35.23%,39.31%,19.98%,61.21%,14.12B,15.12,9.16B,6.54B,4.74B,135.70,93.09
TXT,"Jan 03, 2020","Apr 03, 2020",5.16%,7.93%,4.33%,12.74%,13.3B,57.90,2.2B,1.46B,2.26B,54.24,20.26
BK,"Dec 30, 2019","Mar 30, 2020",27.06%,34.69%,1.10%,10.80%,16.53B,17.92,16.49B,N/A,214.58B,51.60,26.40
CLX,"Jun 29, 2019","Mar 30, 2020",13.67%,18.38%,13.28%,117.89%,6.37B,50.56,2.73B,1.34B,496M,214.26,144.12
COO,"Oct 30, 2019","Jan 30, 2020",16.99%,20.42%,5.31%,12.69%,2.67B,54.13,1.76B,828.2M,76.8M,365.68,236.68
HSY,"Dec 30, 2019","Mar 28, 2020",13.94%,20.57%,12.32%,71.77%,8.01B,38.25,3.62B,1.94B,1.09B,162.20,109.88
MOS,"Dec 30, 2019","Dec 30, 2019",-11.98%,4.50%,1.27%,-10.92%,8.91B,23.21,897.3M,1.35B,519.1M,25.71,6.50
TRV,"Dec 30, 2019","Mar 30, 2020",7.63%,10.15%,1.86%,9.79%,31.82B,123.39,7.85B,3.99B,4.58B,155.09,76.99
DIS,"Sep 27, 2019","Dec 27, 2019",13.81%,15.11%,4.72%,12.93%,75.12B,43.31,27.55B,16.08B,6.83B,153.41,79.07
TMO,"Dec 30, 2019","Mar 27, 2020",14.31%,16.63%,4.66%,13.04%,25.65B,64.24,11.34B,6.56B,2.98B,346.89,250.21
TIF,"Jan 30, 2020","Jan 30, 2020",12.23%,16.82%,7.75%,16.74%,4.42B,36.53,2.76B,1B,897.4M,134.42,78.60
TJX,"Jan 31, 2020","Jan 31, 2020",7.84%,10.59%,14.35%,59.51%,41.72B,34.53,14.85B,5.28B,3.22B,64.95,32.72
TSCO,"Dec 27, 2019","Mar 27, 2020",6.71%,8.90%,8.25%,40.10%,8.49B,71.57,2.87B,956.9M,461.47M,114.25,63.89
TDG,"Sep 29, 2019","Dec 27, 2019",17.52%,39.21%,9.14%,N/A,5.7B,100.73,2.9B,2.49B,4.19B,673.51,200.06
RIG,"Dec 30, 2019","Mar 30, 2020",-47.72%,-3.20%,-0.25%,-12.09%,3.09B,5.05,948M,914M,1.48B,7.8300,0.7600
TRIP,"Dec 30, 2019","Dec 30, 2019",8.08%,12.11%,5.69%,9.57%,1.56B,11.23,1.47B,242M,319M,56.60,13.73
FOXA,"Jun 29, 2019","Dec 30, 2019",15.22%,19.93%,8.60%,17.37%,11.71B,18.89,4.06B,2.59B,1.99B,39.74,19.81
FOX,"Jun 29, 2019","Dec 30, 2019",15.22%,19.93%,8.60%,17.37%,11.71B,18.89,4.06B,2.59B,1.99B,38.84,19.13
TSN,"Sep 27, 2019","Dec 27, 2019",4.71%,6.94%,5.64%,14.69%,43.03B,118.61,5.09B,4.11B,498M,94.24,42.57
USB,"Dec 30, 2019","Mar 30, 2020",30.82%,39.65%,1.26%,12.24%,20.72B,13.28,21.14B,N/A,46.81B,61.11,28.59
UDR,"Dec 30, 2019","Dec 30, 2019",15.95%,19.31%,1.61%,4.81%,1.16B,4.07,803.91M,730.75M,8.11M,51.25,29.20
ULTA,"Jan 31, 2020","Jan 31, 2020",9.54%,12.18%,13.98%,37.93%,7.4B,127.91,3B,1.2B,502.32M,368.83,124.05
UA,"Dec 30, 2019","Dec 30, 2019",1.75%,4.60%,3.33%,4.42%,5.27B,11.68,2.47B,428.7M,788.07M,24.55,6.60
UAA,"Dec 30, 2019","Dec 30, 2019",1.75%,4.60%,3.33%,4.42%,5.27B,11.68,2.47B,428.7M,788.07M,27.72,7.39
UNP,"Dec 30, 2019","Mar 30, 2020",27.85%,40.82%,8.90%,35.58%,21.55B,31.00,11.89B,11.01B,1.19B,188.96,105.08
UAL,"Dec 30, 2019","Mar 30, 2020",2.43%,7.55%,3.79%,10.54%,41.65B,164.07,14.78B,5.37B,5.22B,96.03,17.80
UNH,"Dec 30, 2019","Mar 30, 2020",5.58%,8.06%,7.08%,23.96%,246.27B,259.85,57.6B,21.93B,24.44B,306.71,187.72
UPS,"Dec 30, 2019","Mar 30, 2020",5.73%,7.03%,5.83%,126.33%,74.97B,86.82,13.64B,7.71B,9.46B,125.31,82.00
URI,"Dec 30, 2019","Mar 30, 2020",12.52%,23.97%,7.49%,33.44%,9.36B,123.14,3.75B,2.65B,513M,170.04,58.85
UTX,N/A,N/A,N/A,N/A,N/A,N/A,N/A,N/A,20.21B,N/A,N/A,158.44,48.05
UHS,"Dec 30, 2019","Mar 30, 2020",6.34%,10.61%,6.48%,13.30%,11.4B,130.15,4.54B,1.7B,54.62M,157.79,65.20
UNM,"Dec 30, 2019","Dec 30, 2019",9.17%,13.23%,1.54%,11.84%,12B,57.21,3.43B,1.7B,1.38B,36.84,9.58
URBN,"Jan 30, 2020","Jan 30, 2020",4.22%,6.54%,5.95%,11.42%,3.98B,39.90,1.25B,372M,433.29M,31.41,12.28
VFC,"Mar 29, 2019","Dec 27, 2019",9.03%,14.19%,12.04%,35.44%,14.31B,36.10,7.09B,2.35B,583.95M,100.25,45.07
VLO,"Dec 30, 2019","Mar 30, 2020",0.43%,1.28%,1.62%,4.16%,100.53B,244.60,6.53B,3.58B,1.52B,101.99,31.00
VAR,"Sep 26, 2019","Jan 02, 2020",8.36%,15.28%,8.09%,15.66%,3.31B,36.42,1.37B,594.9M,721.9M,150.06,89.62
VTR,"Dec 30, 2019","Dec 30, 2019",11.22%,21.69%,2.21%,4.13%,3.86B,10.55,2.05B,1.76B,106.36M,75.40,13.35
VRSN,"Dec 30, 2019","Mar 30, 2020",63.33%,65.61%,27.63%,N/A,1.24B,10.52,1.05B,858.11M,1.14B,221.78,148.77
VRSK,"Dec 30, 2019","Dec 30, 2019",17.26%,31.88%,8.02%,20.77%,2.61B,15.94,1.63B,1.05B,188.2M,171.73,116.61
VZ,"Dec 30, 2019","Mar 30, 2020",14.00%,23.91%,6.79%,31.76%,131.35B,31.74,77.14B,48.01B,7.05B,62.22,48.84
VRTX,"Dec 30, 2019","Mar 30, 2020",31.35%,34.17%,13.34%,27.02%,4.82B,18.70,1.86B,1.75B,4.19B,277.80,164.07
V,"Sep 29, 2019","Mar 30, 2020",52.26%,66.98%,14.02%,36.25%,23.89B,11.05,22.26B,16.35B,12.15B,214.17,133.93
VNO,"Dec 30, 2019","Dec 30, 2019",157.12%,24.55%,1.73%,47.32%,2B,10.50,1.08B,887.24M,1.52B,68.85,27.64
VMC,"Dec 30, 2019","Dec 30, 2019",12.53%,17.70%,5.32%,11.50%,4.93B,37.26,1.26B,1.21B,271.59M,152.49,65.56
WMT,"Jan 30, 2020","Jan 30, 2020",2.84%,4.10%,5.89%,18.86%,523.96B,183.85,129.36B,32.94B,9.46B,133.38,98.85
WBA,"Aug 30, 2019","Feb 28, 2020",2.52%,2.98%,3.22%,14.14%,138.7B,154.75,30.08B,5.88B,793M,64.50,39.41
WM,"Dec 30, 2019","Dec 30, 2019",10.81%,17.92%,6.87%,25.04%,15.45B,36.40,5.97B,4.34B,3.56B,126.79,85.34
WAT,"Dec 30, 2019","Mar 27, 2020",22.77%,28.94%,14.42%,170.47%,2.36B,36.13,1.4B,792.11M,393.87M,245.68,154.39
WEC,"Dec 30, 2019","Dec 30, 2019",15.07%,20.84%,2.86%,11.28%,7.52B,23.85,2.67B,2.49B,37.5M,109.53,68.01
WFC,"Dec 30, 2019","Mar 30, 2020",19.02%,25.02%,0.75%,7.63%,75.41B,17.61,82.46B,N/A,356.29B,54.75,25.11
WDC,"Jun 27, 2019","Apr 02, 2020",-3.70%,-1.63%,-0.63%,-6.12%,16.08B,54.11,3.75B,1.34B,2.94B,72.00,27.40
WU,"Dec 30, 2019","Dec 30, 2019",20.00%,19.63%,7.31%,N/A,5.29B,12.38,2.25B,1.3B,1.45B,28.45,17.39
WRK,"Sep 29, 2019","Dec 30, 2019",4.69%,7.94%,2.96%,7.40%,18.39B,71.41,3.57B,2.93B,156.4M,44.39,21.50
WY,"Dec 30, 2019","Mar 30, 2020",5.47%,9.99%,2.41%,4.30%,6.64B,8.90,1.14B,1.17B,1.46B,31.58,13.10
WHR,"Dec 30, 2019","Mar 30, 2020",4.33%,6.37%,4.07%,22.63%,19.98B,315.20,3.53B,1.85B,2.84B,163.64,64.00
WMB,"Dec 30, 2019","Dec 30, 2019",10.36%,29.66%,3.33%,4.51%,8.2B,6.77,4.7B,4.15B,289M,29.06,8.41
WLTW,"Dec 30, 2019","Mar 30, 2020",11.55%,17.76%,2.77%,10.60%,9.19B,70.71,4.02B,2.21B,898M,220.97,143.34
WYNN,"Dec 30, 2019","Dec 30, 2019",1.86%,13.59%,4.15%,18.56%,6.61B,61.93,4.78B,1.51B,2.35B,153.41,35.84
XEL,"Dec 30, 2019","Dec 30, 2019",11.90%,18.02%,2.69%,10.78%,11.53B,22.21,4.66B,3.81B,274M,72.14,46.58
XRX,"Dec 30, 2019","Mar 30, 2020",13.93%,11.35%,4.20%,10.36%,8.75B,40.12,3.65B,1.34B,2.62B,39.47,15.01
XLNX,"Mar 27, 2020","Mar 27, 2020",25.07%,26.06%,10.46%,30.63%,3.16B,12.56,2.14B,965.72M,2.27B,133.00,67.68
XYL,"Dec 30, 2019","Dec 30, 2019",7.64%,13.24%,5.82%,13.95%,5.25B,29.16,2.05B,952M,724M,89.34,54.62
YUM,"Dec 30, 2019","Mar 30, 2020",19.89%,33.27%,21.53%,N/A,5.61B,18.41,2.83B,1.98B,1.15B,119.72,54.95
ZBH,"Dec 30, 2019","Dec 30, 2019",14.18%,16.98%,3.47%,9.56%,7.98B,38.92,5.73B,2.36B,617.9M,161.11,74.37
ZION,"Dec 30, 2019","Mar 30, 2020",24.36%,33.64%,0.88%,8.19%,2.53B,14.83,2.8B,N/A,2.66B,52.48,23.58
ZTS,"Dec 30, 2019","Dec 30, 2019",23.96%,35.03%,12.28%,61.31%,6.26B,13.09,4.37B,2.58B,1.94B,146.26,90.14
